<?xml version="1.0" encoding="UTF-8"?><collection xmlns="http://www.loc.gov/MARC21/slim"><record><leader>00344nam--2200133-i-4500</leader><controlfield tag="001">000031206</controlfield><controlfield tag="002">20161230</controlfield><controlfield tag="005">20161230201038</controlfield><controlfield tag="008">060222s1000------------r-----000-0-eng-d</controlfield><datafield ind1=" " ind2=" " tag="080"><subfield code="a">621.91.07.025</subfield></datafield><datafield ind1=" " ind2=" " tag="100"><subfield code="a">Loktev, D.A</subfield></datafield><datafield ind1=" " ind2=" " tag="245"><subfield code="a">Masini unelte de aschiere pentru fabricarea sculelor</subfield></datafield><datafield ind1=" " ind2=" " tag="260"><subfield code="a">Bucuresti, I.D.T., 1953. 316p</subfield></datafield><datafield ind1=" " ind2=" " tag="852"><subfield code="a">26545</subfield></datafield></record></collection>